<record><leader>00000cas a2200000 a 4500</leader><controlfield tag="001">38742855</controlfield><controlfield tag="008">980318d18441uuukyuwr n       0    0eng c</controlfield><datafield ind1=" " ind2=" " tag="010"><subfield code="a">sn 97070524 </subfield></datafield><datafield ind1=" " ind2=" " tag="040"><subfield code="a">MHN</subfield><subfield code="b">eng</subfield><subfield code="c">MHN</subfield><subfield code="d">OCL</subfield><subfield code="d">OCLCQ</subfield><subfield code="d">OCLCF</subfield><subfield code="d">OCLCO</subfield></datafield><datafield ind1="1" ind2=" " tag="029"><subfield code="a">AU@</subfield><subfield code="b">000013796964</subfield></datafield><datafield ind1=" " ind2=" " tag="042"><subfield code="a">pcc</subfield></datafield><datafield ind1=" " ind2=" " tag="043"><subfield code="a">n-us-ky</subfield></datafield><datafield ind1="0" ind2="0" tag="245"><subfield code="a">Commercial gazette. And South-western weekly Democrat.</subfield></datafield><datafield ind1="1" ind2="3" tag="246"><subfield code="a">Commercial gazette</subfield></datafield><datafield ind1=" " ind2=" " tag="260"><subfield code="a">Mills' Point, Ky. :</subfield><subfield code="b">John W. Wingate</subfield></datafield><datafield ind1=" " ind2=" " tag="300"><subfield code="a">v.</subfield></datafield><datafield ind1=" " ind2=" " tag="310"><subfield code="a">Weekly</subfield></datafield><datafield ind1="0" ind2=" " tag="362"><subfield code="a">Vol. 3, no. 14 (Oct. 3, 1844)-</subfield></datafield><datafield ind1=" " ind2="0" tag="651"><subfield code="a">Hickman (Ky.)</subfield><subfield code="v">Newspapers.</subfield></datafield><datafield ind1=" " ind2="0" tag="651"><subfield code="a">Fulton County (Ky.)</subfield><subfield code="v">Newspapers.</subfield></datafield><datafield ind1=" " ind2="7" tag="655"><subfield code="a">Newspapers.</subfield><subfield code="2">fast</subfield><subfield code="0">(OCoLC)fst01423814</subfield></datafield><datafield ind1=" " ind2="7" tag="651"><subfield code="a">Kentucky</subfield><subfield code="z">Fulton County.</subfield><subfield code="2">fast</subfield><subfield code="0">(OCoLC)fst01209523</subfield></datafield><datafield ind1=" " ind2="7" tag="651"><subfield code="a">Kentucky</subfield><subfield code="z">Hickman.</subfield><subfield code="2">fast</subfield><subfield code="0">(OCoLC)fst01218442</subfield></datafield><datafield ind1=" " ind2=" " tag="752"><subfield code="a">United States</subfield><subfield code="b">Kentucky</subfield><subfield code="c">Fulton</subfield><subfield code="d">Hickman.</subfield></datafield><datafield ind1=" " ind2=" " tag="752"><subfield code="a">United States</subfield><subfield code="b">Kentucky</subfield><subfield code="c">Hickman</subfield><subfield code="d">Mills' Point.</subfield></datafield><datafield ind1="0" ind2="0" tag="780"><subfield code="t">Hunter of Kentucky. And south-western weekly Democrat</subfield><subfield code="w">(DLC)sn 84037919</subfield><subfield code="w">(OCoLC)11125028</subfield></datafield></record>